%YAML 1.1
%TAG !u! tag:unity3d.com,2011:
--- !u!1 &1165977773129533128
GameObject:
  m_ObjectHideFlags: 0
  m_CorrespondingSourceObject: {fileID: 0}
  m_PrefabInstance: {fileID: 0}
  m_PrefabAsset: {fileID: 0}
  serializedVersion: 6
  m_Component:
  - component: {fileID: 1163013816753833918}
  - component: {fileID: 1177922530213117070}
  - component: {fileID: 1187922802229367750}
  - component: {fileID: 1165850776450862107}
  - component: {fileID: 1000013950394863}
  - component: {fileID: 1000013950394864}
  - component: {fileID: 1000013950394865}
  - component: {fileID: 1585146984}
  - component: {fileID: 1585146983}
  m_Layer: 0
  m_Name: PlayerShip
  m_TagString: Untagged
  m_Icon: {fileID: 0}
  m_NavMeshLayer: 0
  m_StaticEditorFlags: 0
  m_IsActive: 1
--- !u!4 &1163013816753833918
Transform:
  m_ObjectHideFlags: 0
  m_CorrespondingSourceObject: {fileID: 0}
  m_PrefabInstance: {fileID: 0}
  m_PrefabAsset: {fileID: 0}
  m_GameObject: {fileID: 1165977773129533128}
  m_LocalRotation: {x: 0, y: 0, z: 0, w: 1}
  m_LocalPosition: {x: 0, y: -1.5, z: 7}
  m_LocalScale: {x: 1, y: 1, z: 1}
  m_Children:
  - {fileID: 1165850776211139541}
  - {fileID: 4190611284683079651}
  - {fileID: 832814736477818151}
  - {fileID: 4940883628250420}
  - {fileID: 4940884737239503}
  - {fileID: 4940884550065976}
  m_Father: {fileID: 0}
  m_RootOrder: 0
  m_LocalEulerAnglesHint: {x: -0, y: 0, z: 0}
--- !u!33 &1177922530213117070
MeshFilter:
  m_ObjectHideFlags: 0
  m_CorrespondingSourceObject: {fileID: 0}
  m_PrefabInstance: {fileID: 0}
  m_PrefabAsset: {fileID: 0}
  m_GameObject: {fileID: 1165977773129533128}
  m_Mesh: {fileID: 4300008, guid: 6c11e79470dad4b4bb66b279d2660007, type: 3}
--- !u!23 &1187922802229367750
MeshRenderer:
  m_ObjectHideFlags: 0
  m_CorrespondingSourceObject: {fileID: 0}
  m_PrefabInstance: {fileID: 0}
  m_PrefabAsset: {fileID: 0}
  m_GameObject: {fileID: 1165977773129533128}
  m_Enabled: 1
  m_CastShadows: 1
  m_ReceiveShadows: 1
  m_DynamicOccludee: 1
  m_MotionVectors: 1
  m_LightProbeUsage: 1
  m_ReflectionProbeUsage: 1
  m_RayTracingMode: 2
  m_RenderingLayerMask: 1
  m_RendererPriority: 0
  m_Materials:
  - {fileID: 2100000, guid: 05bb8cac4f4dfdd4da40c4f9423959c8, type: 2}
  m_StaticBatchInfo:
    firstSubMesh: 0
    subMeshCount: 0
  m_StaticBatchRoot: {fileID: 0}
  m_ProbeAnchor: {fileID: 0}
  m_LightProbeVolumeOverride: {fileID: 0}
  m_ScaleInLightmap: 1
  m_ReceiveGI: 1
  m_PreserveUVs: 0
  m_IgnoreNormalsForChartDetection: 0
  m_ImportantGI: 0
  m_StitchLightmapSeams: 1
  m_SelectedEditorRenderState: 3
  m_MinimumChartSize: 4
  m_AutoUVMaxDistance: 0.5
  m_AutoUVMaxAngle: 89
  m_LightmapParameters: {fileID: 0}
  m_SortingLayerID: 0
  m_SortingLayer: 0
  m_SortingOrder: 0
--- !u!114 &1165850776450862107
MonoBehaviour:
  m_ObjectHideFlags: 0
  m_CorrespondingSourceObject: {fileID: 0}
  m_PrefabInstance: {fileID: 0}
  m_PrefabAsset: {fileID: 0}
  m_GameObject: {fileID: 1165977773129533128}
  m_Enabled: 1
  m_EditorHideFlags: 0
  m_Script: {fileID: 11500000, guid: c5b70578b88691249a04f0f0c1bce872, type: 3}
  m_Name: 
  m_EditorClassIdentifier: 
  speed: 20
  xRange: 7
  yRange: 5
  guns:
  - {fileID: 1165850776211139540}
  - {fileID: 4190611284683079650}
  posPitchFactor: -2.5
  posYawFactor: 3
  posRollFactor: 2
  controlPitchFactor: -15
  laserShot: {fileID: 8300000, guid: 048000eb9c306094cad53d968a0286a4, type: 3}
  isControlEnabled: 1
--- !u!54 &1000013950394863
Rigidbody:
  m_ObjectHideFlags: 0
  m_CorrespondingSourceObject: {fileID: 0}
  m_PrefabInstance: {fileID: 0}
  m_PrefabAsset: {fileID: 0}
  m_GameObject: {fileID: 1165977773129533128}
  serializedVersion: 2
  m_Mass: 1
  m_Drag: 0
  m_AngularDrag: 0.05
  m_UseGravity: 1
  m_IsKinematic: 1
  m_Interpolate: 0
  m_Constraints: 0
  m_CollisionDetection: 0
--- !u!65 &1000013950394864
BoxCollider:
  m_ObjectHideFlags: 0
  m_CorrespondingSourceObject: {fileID: 0}
  m_PrefabInstance: {fileID: 0}
  m_PrefabAsset: {fileID: 0}
  m_GameObject: {fileID: 1165977773129533128}
  m_Material: {fileID: 0}
  m_IsTrigger: 1
  m_Enabled: 1
  serializedVersion: 2
  m_Size: {x: 4.062601, y: 0.96831894, z: 3.3060265}
  m_Center: {x: -0.0000002384186, y: -0.00000025331974, z: -0.000015318394}
--- !u!114 &1000013950394865
MonoBehaviour:
  m_ObjectHideFlags: 0
  m_CorrespondingSourceObject: {fileID: 0}
  m_PrefabInstance: {fileID: 0}
  m_PrefabAsset: {fileID: 0}
  m_GameObject: {fileID: 1165977773129533128}
  m_Enabled: 1
  m_EditorHideFlags: 0
  m_Script: {fileID: 11500000, guid: 0e1f1586150e9e749918aaf5a80d22ae, type: 3}
  m_Name: 
  m_EditorClassIdentifier: 
  levelLoadDelay: 2
  deathFX: {fileID: 3393433213291606193}
  destrobleShip: {fileID: 0}
--- !u!82 &1585146984
AudioSource:
  m_ObjectHideFlags: 0
  m_CorrespondingSourceObject: {fileID: 0}
  m_PrefabInstance: {fileID: 0}
  m_PrefabAsset: {fileID: 0}
  m_GameObject: {fileID: 1165977773129533128}
  m_Enabled: 1
  serializedVersion: 4
  OutputAudioMixerGroup: {fileID: 0}
  m_audioClip: {fileID: 8300000, guid: 048000eb9c306094cad53d968a0286a4, type: 3}
  m_PlayOnAwake: 1
  m_Volume: 1
  m_Pitch: 1
  Loop: 0
  Mute: 0
  Spatialize: 0
  SpatializePostEffects: 0
  Priority: 128
  DopplerLevel: 1
  MinDistance: 1
  MaxDistance: 500
  Pan2D: 0
  rolloffMode: 0
  BypassEffects: 0
  BypassListenerEffects: 0
  BypassReverbZones: 0
  rolloffCustomCurve:
    serializedVersion: 2
    m_Curve:
    - serializedVersion: 3
      time: 0
      value: 1
      inSlope: 0
      outSlope: 0
      tangentMode: 0
      weightedMode: 0
      inWeight: 0.33333334
      outWeight: 0.33333334
    - serializedVersion: 3
      time: 1
      value: 0
      inSlope: 0
      outSlope: 0
      tangentMode: 0
      weightedMode: 0
      inWeight: 0.33333334
      outWeight: 0.33333334
    m_PreInfinity: 2
    m_PostInfinity: 2
    m_RotationOrder: 4
  panLevelCustomCurve:
    serializedVersion: 2
    m_Curve:
    - serializedVersion: 3
      time: 0
      value: 0
      inSlope: 0
      outSlope: 0
      tangentMode: 0
      weightedMode: 0
      inWeight: 0.33333334
      outWeight: 0.33333334
    m_PreInfinity: 2
    m_PostInfinity: 2
    m_RotationOrder: 4
  spreadCustomCurve:
    serializedVersion: 2
    m_Curve:
    - serializedVersion: 3
      time: 0
      value: 0
      inSlope: 0
      outSlope: 0
      tangentMode: 0
      weightedMode: 0
      inWeight: 0.33333334
      outWeight: 0.33333334
    m_PreInfinity: 2
    m_PostInfinity: 2
    m_RotationOrder: 4
  reverbZoneMixCustomCurve:
    serializedVersion: 2
    m_Curve:
    - serializedVersion: 3
      time: 0
      value: 1
      inSlope: 0
      outSlope: 0
      tangentMode: 0
      weightedMode: 0
      inWeight: 0.33333334
      outWeight: 0.33333334
    m_PreInfinity: 2
    m_PostInfinity: 2
    m_RotationOrder: 4
--- !u!95 &1585146983
Animator:
  serializedVersion: 3
  m_ObjectHideFlags: 0
  m_CorrespondingSourceObject: {fileID: 0}
  m_PrefabInstance: {fileID: 0}
  m_PrefabAsset: {fileID: 0}
  m_GameObject: {fileID: 1165977773129533128}
  m_Enabled: 1
  m_Avatar: {fileID: 0}
  m_Controller: {fileID: 0}
  m_CullingMode: 0
  m_UpdateMode: 0
  m_ApplyRootMotion: 0
  m_LinearVelocityBlending: 0
  m_WarningMessage: 
  m_HasTransformHierarchy: 1
  m_AllowConstantClipSamplingOptimization: 1
  m_KeepAnimatorControllerStateOnDisable: 0
--- !u!82 &1373186411
AudioSource:
  m_ObjectHideFlags: 0
  m_CorrespondingSourceObject: {fileID: 0}
  m_PrefabInstance: {fileID: 0}
  m_PrefabAsset: {fileID: 0}
  m_GameObject: {fileID: 3393433213291606193}
  m_Enabled: 1
  serializedVersion: 4
  OutputAudioMixerGroup: {fileID: 0}
  m_audioClip: {fileID: 8300000, guid: 3f2a0cf9373df5545a4317246020a495, type: 3}
  m_PlayOnAwake: 1
  m_Volume: 1
  m_Pitch: 1
  Loop: 0
  Mute: 0
  Spatialize: 0
  SpatializePostEffects: 0
  Priority: 128
  DopplerLevel: 1
  MinDistance: 1
  MaxDistance: 500
  Pan2D: 0
  rolloffMode: 0
  BypassEffects: 0
  BypassListenerEffects: 0
  BypassReverbZones: 0
  rolloffCustomCurve:
    serializedVersion: 2
    m_Curve:
    - serializedVersion: 3
      time: 0
      value: 1
      inSlope: 0
      outSlope: 0
      tangentMode: 0
      weightedMode: 0
      inWeight: 0.33333334
      outWeight: 0.33333334
    - serializedVersion: 3
      time: 1
      value: 0
      inSlope: 0
      outSlope: 0
      tangentMode: 0
      weightedMode: 0
      inWeight: 0.33333334
      outWeight: 0.33333334
    m_PreInfinity: 2
    m_PostInfinity: 2
    m_RotationOrder: 4
  panLevelCustomCurve:
    serializedVersion: 2
    m_Curve:
    - serializedVersion: 3
      time: 0
      value: 0
      inSlope: 0
      outSlope: 0
      tangentMode: 0
      weightedMode: 0
      inWeight: 0.33333334
      outWeight: 0.33333334
    m_PreInfinity: 2
    m_PostInfinity: 2
    m_RotationOrder: 4
  spreadCustomCurve:
    serializedVersion: 2
    m_Curve:
    - serializedVersion: 3
      time: 0
      value: 0
      inSlope: 0
      outSlope: 0
      tangentMode: 0
      weightedMode: 0
      inWeight: 0.33333334
      outWeight: 0.33333334
    m_PreInfinity: 2
    m_PostInfinity: 2
    m_RotationOrder: 4
  reverbZoneMixCustomCurve:
    serializedVersion: 2
    m_Curve:
    - serializedVersion: 3
      time: 0
      value: 1
      inSlope: 0
      outSlope: 0
      tangentMode: 0
      weightedMode: 0
      inWeight: 0.33333334
      outWeight: 0.33333334
    m_PreInfinity: 2
    m_PostInfinity: 2
    m_RotationOrder: 4
--- !u!1001 &385879803
PrefabInstance:
  m_ObjectHideFlags: 0
  serializedVersion: 2
  m_Modification:
    m_TransformParent: {fileID: 1163013816753833918}
    m_Modifications:
    - target: {fileID: 1113205305641416, guid: a3553fd250eb92d4091bebde350c6739, type: 3}
      propertyPath: m_Name
      value: Jet Particles White (1)
      objectReference: {fileID: 0}
    - target: {fileID: 4940884351362868, guid: a3553fd250eb92d4091bebde350c6739, type: 3}
      propertyPath: m_RootOrder
      value: 4
      objectReference: {fileID: 0}
    - target: {fileID: 4940884351362868, guid: a3553fd250eb92d4091bebde350c6739, type: 3}
      propertyPath: m_LocalScale.y
      value: 1.5000001
      objectReference: {fileID: 0}
    - target: {fileID: 4940884351362868, guid: a3553fd250eb92d4091bebde350c6739, type: 3}
      propertyPath: m_LocalScale.z
      value: 1.5000001
      objectReference: {fileID: 0}
    - target: {fileID: 4940884351362868, guid: a3553fd250eb92d4091bebde350c6739, type: 3}
      propertyPath: m_LocalPosition.x
      value: 0.488
      objectReference: {fileID: 0}
    - target: {fileID: 4940884351362868, guid: a3553fd250eb92d4091bebde350c6739, type: 3}
      propertyPath: m_LocalPosition.y
      value: -0.29
      objectReference: {fileID: 0}
    - target: {fileID: 4940884351362868, guid: a3553fd250eb92d4091bebde350c6739, type: 3}
      propertyPath: m_LocalPosition.z
      value: -1.408
      objectReference: {fileID: 0}
    - target: {fileID: 4940884351362868, guid: a3553fd250eb92d4091bebde350c6739, type: 3}
      propertyPath: m_LocalRotation.w
      value: 0.7071068
      objectReference: {fileID: 0}
    - target: {fileID: 4940884351362868, guid: a3553fd250eb92d4091bebde350c6739, type: 3}
      propertyPath: m_LocalRotation.x
      value: 0.7071068
      objectReference: {fileID: 0}
    - target: {fileID: 4940884351362868, guid: a3553fd250eb92d4091bebde350c6739, type: 3}
      propertyPath: m_LocalRotation.y
      value: -0
      objectReference: {fileID: 0}
    - target: {fileID: 4940884351362868, guid: a3553fd250eb92d4091bebde350c6739, type: 3}
      propertyPath: m_LocalRotation.z
      value: -0
      objectReference: {fileID: 0}
    - target: {fileID: 4940884351362868, guid: a3553fd250eb92d4091bebde350c6739, type: 3}
      propertyPath: m_LocalEulerAnglesHint.x
      value: 90
      objectReference: {fileID: 0}
    - target: {fileID: 4940884351362868, guid: a3553fd250eb92d4091bebde350c6739, type: 3}
      propertyPath: m_LocalEulerAnglesHint.y
      value: 0
      objectReference: {fileID: 0}
    - target: {fileID: 4940884351362868, guid: a3553fd250eb92d4091bebde350c6739, type: 3}
      propertyPath: m_LocalEulerAnglesHint.z
      value: 0
      objectReference: {fileID: 0}
    m_RemovedComponents: []
  m_SourcePrefab: {fileID: 100100000, guid: a3553fd250eb92d4091bebde350c6739, type: 3}
--- !u!4 &4940884737239503 stripped
Transform:
  m_CorrespondingSourceObject: {fileID: 4940884351362868, guid: a3553fd250eb92d4091bebde350c6739,
    type: 3}
  m_PrefabInstance: {fileID: 385879803}
  m_PrefabAsset: {fileID: 0}
--- !u!1001 &483932172
PrefabInstance:
  m_ObjectHideFlags: 0
  serializedVersion: 2
  m_Modification:
    m_TransformParent: {fileID: 1163013816753833918}
    m_Modifications:
    - target: {fileID: 1113205305641416, guid: a3553fd250eb92d4091bebde350c6739, type: 3}
      propertyPath: m_Name
      value: Jet Particles White (2)
      objectReference: {fileID: 0}
    - target: {fileID: 4940884351362868, guid: a3553fd250eb92d4091bebde350c6739, type: 3}
      propertyPath: m_RootOrder
      value: 5
      objectReference: {fileID: 0}
    - target: {fileID: 4940884351362868, guid: a3553fd250eb92d4091bebde350c6739, type: 3}
      propertyPath: m_LocalScale.y
      value: 1.5000001
      objectReference: {fileID: 0}
    - target: {fileID: 4940884351362868, guid: a3553fd250eb92d4091bebde350c6739, type: 3}
      propertyPath: m_LocalScale.z
      value: 1.5000001
      objectReference: {fileID: 0}
    - target: {fileID: 4940884351362868, guid: a3553fd250eb92d4091bebde350c6739, type: 3}
      propertyPath: m_LocalPosition.x
      value: -0.488
      objectReference: {fileID: 0}
    - target: {fileID: 4940884351362868, guid: a3553fd250eb92d4091bebde350c6739, type: 3}
      propertyPath: m_LocalPosition.y
      value: -0.29
      objectReference: {fileID: 0}
    - target: {fileID: 4940884351362868, guid: a3553fd250eb92d4091bebde350c6739, type: 3}
      propertyPath: m_LocalPosition.z
      value: -1.408
      objectReference: {fileID: 0}
    - target: {fileID: 4940884351362868, guid: a3553fd250eb92d4091bebde350c6739, type: 3}
      propertyPath: m_LocalRotation.w
      value: 0.7071068
      objectReference: {fileID: 0}
    - target: {fileID: 4940884351362868, guid: a3553fd250eb92d4091bebde350c6739, type: 3}
      propertyPath: m_LocalRotation.x
      value: 0.7071068
      objectReference: {fileID: 0}
    - target: {fileID: 4940884351362868, guid: a3553fd250eb92d4091bebde350c6739, type: 3}
      propertyPath: m_LocalRotation.y
      value: -0
      objectReference: {fileID: 0}
    - target: {fileID: 4940884351362868, guid: a3553fd250eb92d4091bebde350c6739, type: 3}
      propertyPath: m_LocalRotation.z
      value: -0
      objectReference: {fileID: 0}
    - target: {fileID: 4940884351362868, guid: a3553fd250eb92d4091bebde350c6739, type: 3}
      propertyPath: m_LocalEulerAnglesHint.x
      value: 90
      objectReference: {fileID: 0}
    - target: {fileID: 4940884351362868, guid: a3553fd250eb92d4091bebde350c6739, type: 3}
      propertyPath: m_LocalEulerAnglesHint.y
      value: 0
      objectReference: {fileID: 0}
    - target: {fileID: 4940884351362868, guid: a3553fd250eb92d4091bebde350c6739, type: 3}
      propertyPath: m_LocalEulerAnglesHint.z
      value: 0
      objectReference: {fileID: 0}
    m_RemovedComponents: []
  m_SourcePrefab: {fileID: 100100000, guid: a3553fd250eb92d4091bebde350c6739, type: 3}
--- !u!4 &4940884550065976 stripped
Transform:
  m_CorrespondingSourceObject: {fileID: 4940884351362868, guid: a3553fd250eb92d4091bebde350c6739,
    type: 3}
  m_PrefabInstance: {fileID: 483932172}
  m_PrefabAsset: {fileID: 0}
--- !u!1001 &1428845056
PrefabInstance:
  m_ObjectHideFlags: 0
  serializedVersion: 2
  m_Modification:
    m_TransformParent: {fileID: 1163013816753833918}
    m_Modifications:
    - target: {fileID: 1113205305641416, guid: a3553fd250eb92d4091bebde350c6739, type: 3}
      propertyPath: m_Name
      value: Jet Particles White
      objectReference: {fileID: 0}
    - target: {fileID: 4940884351362868, guid: a3553fd250eb92d4091bebde350c6739, type: 3}
      propertyPath: m_RootOrder
      value: 3
      objectReference: {fileID: 0}
    - target: {fileID: 4940884351362868, guid: a3553fd250eb92d4091bebde350c6739, type: 3}
      propertyPath: m_LocalScale.x
      value: 1.8
      objectReference: {fileID: 0}
    - target: {fileID: 4940884351362868, guid: a3553fd250eb92d4091bebde350c6739, type: 3}
      propertyPath: m_LocalScale.y
      value: 1.8
      objectReference: {fileID: 0}
    - target: {fileID: 4940884351362868, guid: a3553fd250eb92d4091bebde350c6739, type: 3}
      propertyPath: m_LocalScale.z
      value: 1.8
      objectReference: {fileID: 0}
    - target: {fileID: 4940884351362868, guid: a3553fd250eb92d4091bebde350c6739, type: 3}
      propertyPath: m_LocalPosition.x
      value: 0
      objectReference: {fileID: 0}
    - target: {fileID: 4940884351362868, guid: a3553fd250eb92d4091bebde350c6739, type: 3}
      propertyPath: m_LocalPosition.y
      value: -0.086
      objectReference: {fileID: 0}
    - target: {fileID: 4940884351362868, guid: a3553fd250eb92d4091bebde350c6739, type: 3}
      propertyPath: m_LocalPosition.z
      value: -1.626
      objectReference: {fileID: 0}
    - target: {fileID: 4940884351362868, guid: a3553fd250eb92d4091bebde350c6739, type: 3}
      propertyPath: m_LocalRotation.w
      value: 0.7071068
      objectReference: {fileID: 0}
    - target: {fileID: 4940884351362868, guid: a3553fd250eb92d4091bebde350c6739, type: 3}
      propertyPath: m_LocalRotation.x
      value: 0.7071068
      objectReference: {fileID: 0}
    - target: {fileID: 4940884351362868, guid: a3553fd250eb92d4091bebde350c6739, type: 3}
      propertyPath: m_LocalRotation.y
      value: -0
      objectReference: {fileID: 0}
    - target: {fileID: 4940884351362868, guid: a3553fd250eb92d4091bebde350c6739, type: 3}
      propertyPath: m_LocalRotation.z
      value: -0
      objectReference: {fileID: 0}
    - target: {fileID: 4940884351362868, guid: a3553fd250eb92d4091bebde350c6739, type: 3}
      propertyPath: m_LocalEulerAnglesHint.x
      value: 90
      objectReference: {fileID: 0}
    - target: {fileID: 4940884351362868, guid: a3553fd250eb92d4091bebde350c6739, type: 3}
      propertyPath: m_LocalEulerAnglesHint.y
      value: 0
      objectReference: {fileID: 0}
    - target: {fileID: 4940884351362868, guid: a3553fd250eb92d4091bebde350c6739, type: 3}
      propertyPath: m_LocalEulerAnglesHint.z
      value: 0
      objectReference: {fileID: 0}
    m_RemovedComponents: []
  m_SourcePrefab: {fileID: 100100000, guid: a3553fd250eb92d4091bebde350c6739, type: 3}
--- !u!4 &4940883628250420 stripped
Transform:
  m_CorrespondingSourceObject: {fileID: 4940884351362868, guid: a3553fd250eb92d4091bebde350c6739,
    type: 3}
  m_PrefabInstance: {fileID: 1428845056}
  m_PrefabAsset: {fileID: 0}
--- !u!1001 &1165850776043781898
PrefabInstance:
  m_ObjectHideFlags: 0
  serializedVersion: 2
  m_Modification:
    m_TransformParent: {fileID: 1163013816753833918}
    m_Modifications:
    - target: {fileID: 1991487745889628717, guid: 7e5f3606309fb0b4e80315537a260e3f,
        type: 3}
      propertyPath: m_RootOrder
      value: 2
      objectReference: {fileID: 0}
    - target: {fileID: 1991487745889628717, guid: 7e5f3606309fb0b4e80315537a260e3f,
        type: 3}
      propertyPath: m_LocalPosition.x
      value: 0
      objectReference: {fileID: 0}
    - target: {fileID: 1991487745889628717, guid: 7e5f3606309fb0b4e80315537a260e3f,
        type: 3}
      propertyPath: m_LocalPosition.y
      value: 0
      objectReference: {fileID: 0}
    - target: {fileID: 1991487745889628717, guid: 7e5f3606309fb0b4e80315537a260e3f,
        type: 3}
      propertyPath: m_LocalPosition.z
      value: 0
      objectReference: {fileID: 0}
    - target: {fileID: 1991487745889628717, guid: 7e5f3606309fb0b4e80315537a260e3f,
        type: 3}
      propertyPath: m_LocalRotation.w
      value: 0.7071068
      objectReference: {fileID: 0}
    - target: {fileID: 1991487745889628717, guid: 7e5f3606309fb0b4e80315537a260e3f,
        type: 3}
      propertyPath: m_LocalRotation.x
      value: -0.7071068
      objectReference: {fileID: 0}
    - target: {fileID: 1991487745889628717, guid: 7e5f3606309fb0b4e80315537a260e3f,
        type: 3}
      propertyPath: m_LocalRotation.y
      value: 0
      objectReference: {fileID: 0}
    - target: {fileID: 1991487745889628717, guid: 7e5f3606309fb0b4e80315537a260e3f,
        type: 3}
      propertyPath: m_LocalRotation.z
      value: 0
      objectReference: {fileID: 0}
    - target: {fileID: 1991487745889628717, guid: 7e5f3606309fb0b4e80315537a260e3f,
        type: 3}
      propertyPath: m_LocalEulerAnglesHint.x
      value: -90
      objectReference: {fileID: 0}
    - target: {fileID: 1991487745889628717, guid: 7e5f3606309fb0b4e80315537a260e3f,
        type: 3}
      propertyPath: m_LocalEulerAnglesHint.y
      value: 0
      objectReference: {fileID: 0}
    - target: {fileID: 1991487745889628717, guid: 7e5f3606309fb0b4e80315537a260e3f,
        type: 3}
      propertyPath: m_LocalEulerAnglesHint.z
      value: 0
      objectReference: {fileID: 0}
    - target: {fileID: 4555965645290852283, guid: 7e5f3606309fb0b4e80315537a260e3f,
        type: 3}
      propertyPath: m_Name
      value: PlayerDeathFX
      objectReference: {fileID: 0}
    - target: {fileID: 4555965645290852283, guid: 7e5f3606309fb0b4e80315537a260e3f,
        type: 3}
      propertyPath: m_IsActive
      value: 0
      objectReference: {fileID: 0}
    - target: {fileID: 6578326237274499102, guid: 7e5f3606309fb0b4e80315537a260e3f,
        type: 3}
      propertyPath: lengthInSec
      value: 2
      objectReference: {fileID: 0}
    - target: {fileID: 6578326237274499102, guid: 7e5f3606309fb0b4e80315537a260e3f,
        type: 3}
      propertyPath: playOnAwake
      value: 1
      objectReference: {fileID: 0}
    - target: {fileID: 6578326237274499102, guid: 7e5f3606309fb0b4e80315537a260e3f,
        type: 3}
      propertyPath: moveWithTransform
      value: 0
      objectReference: {fileID: 0}
    - target: {fileID: 6578326237274499102, guid: 7e5f3606309fb0b4e80315537a260e3f,
        type: 3}
      propertyPath: InitialModule.startSpeed.scalar
      value: 4
      objectReference: {fileID: 0}
    - target: {fileID: 6578326237274499102, guid: 7e5f3606309fb0b4e80315537a260e3f,
        type: 3}
      propertyPath: InitialModule.startLifetime.scalar
      value: 2
      objectReference: {fileID: 0}
    - target: {fileID: 6578326237274499102, guid: 7e5f3606309fb0b4e80315537a260e3f,
        type: 3}
      propertyPath: InitialModule.startSpeed.minScalar
      value: 2
      objectReference: {fileID: 0}
    - target: {fileID: 6578326237274499102, guid: 7e5f3606309fb0b4e80315537a260e3f,
        type: 3}
      propertyPath: InitialModule.startColor.maxGradient.atime0
      value: 0
      objectReference: {fileID: 0}
    - target: {fileID: 6578326237274499102, guid: 7e5f3606309fb0b4e80315537a260e3f,
        type: 3}
      propertyPath: InitialModule.startColor.maxGradient.atime1
      value: 32382
      objectReference: {fileID: 0}
    - target: {fileID: 6578326237274499102, guid: 7e5f3606309fb0b4e80315537a260e3f,
        type: 3}
      propertyPath: InitialModule.startColor.maxGradient.ctime1
      value: 32768
      objectReference: {fileID: 0}
    - target: {fileID: 6578326237274499102, guid: 7e5f3606309fb0b4e80315537a260e3f,
        type: 3}
      propertyPath: InitialModule.startColor.maxGradient.ctime2
      value: 65535
      objectReference: {fileID: 0}
    - target: {fileID: 6578326237274499102, guid: 7e5f3606309fb0b4e80315537a260e3f,
        type: 3}
      propertyPath: InitialModule.startColor.maxGradient.key0.b
      value: 0.37486652
      objectReference: {fileID: 0}
    - target: {fileID: 6578326237274499102, guid: 7e5f3606309fb0b4e80315537a260e3f,
        type: 3}
      propertyPath: InitialModule.startColor.maxGradient.key0.g
      value: 0.9204585
      objectReference: {fileID: 0}
    - target: {fileID: 6578326237274499102, guid: 7e5f3606309fb0b4e80315537a260e3f,
        type: 3}
      propertyPath: InitialModule.startColor.maxGradient.key0.r
      value: 0.9811321
      objectReference: {fileID: 0}
    - target: {fileID: 6578326237274499102, guid: 7e5f3606309fb0b4e80315537a260e3f,
        type: 3}
      propertyPath: InitialModule.startColor.maxGradient.key1.b
      value: 0
      objectReference: {fileID: 0}
    - target: {fileID: 6578326237274499102, guid: 7e5f3606309fb0b4e80315537a260e3f,
        type: 3}
      propertyPath: InitialModule.startColor.maxGradient.key1.g
      value: 0.22122115
      objectReference: {fileID: 0}
    - target: {fileID: 6578326237274499102, guid: 7e5f3606309fb0b4e80315537a260e3f,
        type: 3}
      propertyPath: InitialModule.startColor.maxGradient.key1.r
      value: 1
      objectReference: {fileID: 0}
    - target: {fileID: 6578326237274499102, guid: 7e5f3606309fb0b4e80315537a260e3f,
        type: 3}
      propertyPath: InitialModule.startColor.maxGradient.key2.b
      value: 0.031372517
      objectReference: {fileID: 0}
    - target: {fileID: 6578326237274499102, guid: 7e5f3606309fb0b4e80315537a260e3f,
        type: 3}
      propertyPath: InitialModule.startColor.maxGradient.key2.g
      value: 0.11176334
      objectReference: {fileID: 0}
    - target: {fileID: 6578326237274499102, guid: 7e5f3606309fb0b4e80315537a260e3f,
        type: 3}
      propertyPath: InitialModule.startColor.maxGradient.key2.r
      value: 0.972549
      objectReference: {fileID: 0}
    - target: {fileID: 6578326237274499102, guid: 7e5f3606309fb0b4e80315537a260e3f,
        type: 3}
      propertyPath: InitialModule.startColor.maxGradient.m_NumColorKeys
      value: 3
      objectReference: {fileID: 0}
    m_RemovedComponents: []
  m_SourcePrefab: {fileID: 100100000, guid: 7e5f3606309fb0b4e80315537a260e3f, type: 3}
--- !u!1 &3393433213291606193 stripped
GameObject:
  m_CorrespondingSourceObject: {fileID: 4555965645290852283, guid: 7e5f3606309fb0b4e80315537a260e3f,
    type: 3}
  m_PrefabInstance: {fileID: 1165850776043781898}
  m_PrefabAsset: {fileID: 0}
--- !u!4 &832814736477818151 stripped
Transform:
  m_CorrespondingSourceObject: {fileID: 1991487745889628717, guid: 7e5f3606309fb0b4e80315537a260e3f,
    type: 3}
  m_PrefabInstance: {fileID: 1165850776043781898}
  m_PrefabAsset: {fileID: 0}
--- !u!1001 &6564377407973674672
PrefabInstance:
  m_ObjectHideFlags: 0
  serializedVersion: 2
  m_Modification:
    m_TransformParent: {fileID: 1163013816753833918}
    m_Modifications:
    - target: {fileID: 7003467662354936146, guid: e5229dc24c4c5d74897c9a0593413e77,
        type: 3}
      propertyPath: m_Name
      value: GunLeft
      objectReference: {fileID: 0}
    - target: {fileID: 7003467662354936147, guid: e5229dc24c4c5d74897c9a0593413e77,
        type: 3}
      propertyPath: m_RootOrder
      value: 1
      objectReference: {fileID: 0}
    - target: {fileID: 7003467662354936147, guid: e5229dc24c4c5d74897c9a0593413e77,
        type: 3}
      propertyPath: m_LocalPosition.x
      value: -0.932
      objectReference: {fileID: 0}
    - target: {fileID: 7003467662354936147, guid: e5229dc24c4c5d74897c9a0593413e77,
        type: 3}
      propertyPath: m_LocalPosition.y
      value: -0.061
      objectReference: {fileID: 0}
    - target: {fileID: 7003467662354936147, guid: e5229dc24c4c5d74897c9a0593413e77,
        type: 3}
      propertyPath: m_LocalPosition.z
      value: -0.187
      objectReference: {fileID: 0}
    - target: {fileID: 7003467662354936147, guid: e5229dc24c4c5d74897c9a0593413e77,
        type: 3}
      propertyPath: m_LocalRotation.w
      value: 1
      objectReference: {fileID: 0}
    - target: {fileID: 7003467662354936147, guid: e5229dc24c4c5d74897c9a0593413e77,
        type: 3}
      propertyPath: m_LocalRotation.x
      value: 0
      objectReference: {fileID: 0}
    - target: {fileID: 7003467662354936147, guid: e5229dc24c4c5d74897c9a0593413e77,
        type: 3}
      propertyPath: m_LocalRotation.y
      value: 0
      objectReference: {fileID: 0}
    - target: {fileID: 7003467662354936147, guid: e5229dc24c4c5d74897c9a0593413e77,
        type: 3}
      propertyPath: m_LocalRotation.z
      value: 0
      objectReference: {fileID: 0}
    - target: {fileID: 7003467662354936147, guid: e5229dc24c4c5d74897c9a0593413e77,
        type: 3}
      propertyPath: m_LocalEulerAnglesHint.x
      value: -90
      objectReference: {fileID: 0}
    - target: {fileID: 7003467662354936147, guid: e5229dc24c4c5d74897c9a0593413e77,
        type: 3}
      propertyPath: m_LocalEulerAnglesHint.y
      value: 0
      objectReference: {fileID: 0}
    - target: {fileID: 7003467662354936147, guid: e5229dc24c4c5d74897c9a0593413e77,
        type: 3}
      propertyPath: m_LocalEulerAnglesHint.z
      value: 0
      objectReference: {fileID: 0}
    - target: {fileID: 7003467662354936149, guid: e5229dc24c4c5d74897c9a0593413e77,
        type: 3}
      propertyPath: CollisionModule.type
      value: 1
      objectReference: {fileID: 0}
    - target: {fileID: 7003467662354936149, guid: e5229dc24c4c5d74897c9a0593413e77,
        type: 3}
      propertyPath: CollisionModule.enabled
      value: 1
      objectReference: {fileID: 0}
    - target: {fileID: 7003467662354936149, guid: e5229dc24c4c5d74897c9a0593413e77,
        type: 3}
      propertyPath: CollisionModule.minKillSpeed
      value: 1000
      objectReference: {fileID: 0}
    - target: {fileID: 7003467662354936149, guid: e5229dc24c4c5d74897c9a0593413e77,
        type: 3}
      propertyPath: CollisionModule.collisionMessages
      value: 1
      objectReference: {fileID: 0}
    m_RemovedComponents: []
  m_SourcePrefab: {fileID: 100100000, guid: e5229dc24c4c5d74897c9a0593413e77, type: 3}
--- !u!1 &4190611284683079650 stripped
GameObject:
  m_CorrespondingSourceObject: {fileID: 7003467662354936146, guid: e5229dc24c4c5d74897c9a0593413e77,
    type: 3}
  m_PrefabInstance: {fileID: 6564377407973674672}
  m_PrefabAsset: {fileID: 0}
--- !u!4 &4190611284683079651 stripped
Transform:
  m_CorrespondingSourceObject: {fileID: 7003467662354936147, guid: e5229dc24c4c5d74897c9a0593413e77,
    type: 3}
  m_PrefabInstance: {fileID: 6564377407973674672}
  m_PrefabAsset: {fileID: 0}
--- !u!1001 &8150600123906546310
PrefabInstance:
  m_ObjectHideFlags: 0
  serializedVersion: 2
  m_Modification:
    m_TransformParent: {fileID: 1163013816753833918}
    m_Modifications:
    - target: {fileID: 7003467662354936146, guid: e5229dc24c4c5d74897c9a0593413e77,
        type: 3}
      propertyPath: m_Name
      value: GunRight
      objectReference: {fileID: 0}
    - target: {fileID: 7003467662354936147, guid: e5229dc24c4c5d74897c9a0593413e77,
        type: 3}
      propertyPath: m_RootOrder
      value: 0
      objectReference: {fileID: 0}
    - target: {fileID: 7003467662354936147, guid: e5229dc24c4c5d74897c9a0593413e77,
        type: 3}
      propertyPath: m_LocalPosition.x
      value: 0.932
      objectReference: {fileID: 0}
    - target: {fileID: 7003467662354936147, guid: e5229dc24c4c5d74897c9a0593413e77,
        type: 3}
      propertyPath: m_LocalPosition.y
      value: -0.061
      objectReference: {fileID: 0}
    - target: {fileID: 7003467662354936147, guid: e5229dc24c4c5d74897c9a0593413e77,
        type: 3}
      propertyPath: m_LocalPosition.z
      value: -0.187
      objectReference: {fileID: 0}
    - target: {fileID: 7003467662354936147, guid: e5229dc24c4c5d74897c9a0593413e77,
        type: 3}
      propertyPath: m_LocalRotation.w
      value: 1
      objectReference: {fileID: 0}
    - target: {fileID: 7003467662354936147, guid: e5229dc24c4c5d74897c9a0593413e77,
        type: 3}
      propertyPath: m_LocalRotation.x
      value: 0
      objectReference: {fileID: 0}
    - target: {fileID: 7003467662354936147, guid: e5229dc24c4c5d74897c9a0593413e77,
        type: 3}
      propertyPath: m_LocalRotation.y
      value: 0
      objectReference: {fileID: 0}
    - target: {fileID: 7003467662354936147, guid: e5229dc24c4c5d74897c9a0593413e77,
        type: 3}
      propertyPath: m_LocalRotation.z
      value: 0
      objectReference: {fileID: 0}
    - target: {fileID: 7003467662354936147, guid: e5229dc24c4c5d74897c9a0593413e77,
        type: 3}
      propertyPath: m_LocalEulerAnglesHint.x
      value: -90
      objectReference: {fileID: 0}
    - target: {fileID: 7003467662354936147, guid: e5229dc24c4c5d74897c9a0593413e77,
        type: 3}
      propertyPath: m_LocalEulerAnglesHint.y
      value: 0
      objectReference: {fileID: 0}
    - target: {fileID: 7003467662354936147, guid: e5229dc24c4c5d74897c9a0593413e77,
        type: 3}
      propertyPath: m_LocalEulerAnglesHint.z
      value: 0
      objectReference: {fileID: 0}
    - target: {fileID: 7003467662354936149, guid: e5229dc24c4c5d74897c9a0593413e77,
        type: 3}
      propertyPath: CollisionModule.type
      value: 1
      objectReference: {fileID: 0}
    - target: {fileID: 7003467662354936149, guid: e5229dc24c4c5d74897c9a0593413e77,
        type: 3}
      propertyPath: CollisionModule.enabled
      value: 1
      objectReference: {fileID: 0}
    - target: {fileID: 7003467662354936149, guid: e5229dc24c4c5d74897c9a0593413e77,
        type: 3}
      propertyPath: CollisionModule.minKillSpeed
      value: 1000
      objectReference: {fileID: 0}
    - target: {fileID: 7003467662354936149, guid: e5229dc24c4c5d74897c9a0593413e77,
        type: 3}
      propertyPath: CollisionModule.collisionMessages
      value: 1
      objectReference: {fileID: 0}
    m_RemovedComponents: []
  m_SourcePrefab: {fileID: 100100000, guid: e5229dc24c4c5d74897c9a0593413e77, type: 3}
--- !u!1 &1165850776211139540 stripped
GameObject:
  m_CorrespondingSourceObject: {fileID: 7003467662354936146, guid: e5229dc24c4c5d74897c9a0593413e77,
    type: 3}
  m_PrefabInstance: {fileID: 8150600123906546310}
  m_PrefabAsset: {fileID: 0}
--- !u!4 &1165850776211139541 stripped
Transform:
  m_CorrespondingSourceObject: {fileID: 7003467662354936147, guid: e5229dc24c4c5d74897c9a0593413e77,
    type: 3}
  m_PrefabInstance: {fileID: 8150600123906546310}
  m_PrefabAsset: {fileID: 0}
